@Electronic{makeblock,
	Title = {Oficial Makeblock website},
	url = {https://www.makeblock.es/},
	author = {Makeblock}
}
@Electronic{mblock,
	Title = {mBlock},
	url = {https://www.mblock.cc/en-us/blog/},
	author = {MIT Massachusetts Institute of Technology}
}

@Electronic{JdeRobot,
	Title   = {PyBoKids},
	Url     = {https://www.mdpi.com/2079-9292/8/8/899},
	author  = {{Vega, Julio} and {Cañas, Jose María}}
}


@Electronic{arduinoURL,
	Title   = {Oficial Arduino website},
	Url     = {https://arduino.cl/},
	author  = {Arduino}
}

@Electronic{PythonRef,
	Title   = {Oficial Python reference},
	Url     = {https://docs.python.org/es/3/reference/index.html},
author  = {Python}
}
@Electronic{Roberta,
	Title   = {Plataforma de robótica educativa Roberta},
	Url     = {https://lab.open-roberta.org/#},
	author  = {Google}
}
@Electronic{Lego,
	Title   = {Robots educativos de Lego},
	Url     = {https://www.lego.com/es-es/themes/boost},
	author  = {Google}
}

@Electronic{Kibotics,
	Title   = {Kibotics},
	Url     = {https://kibotics.org},
	author  = {JdeRobot}
}




@Electronic{arduinolenguaje,
	Title = {Referencia lenguaje Arduino},
	url = {https://www.arduino.cc/reference/es/},
	author = {Arduino}
}





